=LDR  00000cai a2200000 a 4500
=001  43381520
=006  m     o  d        
=008  000201c19959999mduqr wso b   0    2eng c
=005  20180618180808.4
=007  cr\mn|||||||||
=010  \\$a  2007253819
=040  \\$aWAU$beng$cWAU$dNDD$dOCL$dN@F$dOCLCQ$dWAU$dOCLCA$dWAU$dOCLCQ$dWAU$dOCLCQ$dOCLCF$dOCLCO$dMST
=019  \\$a44355924$a45146385
=029  1\$aN@F$b239771
=042  \\$apcc
=050  \4$aQL645
=082  04$a597.9012
=082  04$a597.90285
=245  04$aThe reptile database.
=247  10$aJCVI/TIGR reptile database$f<2010>
=247  10$aTIGR reptile database$f<Feb. 22, 2008>
=247  10$aNew reptile database$f<July 15, 2007>
=247  10$aEMBL reptile database$f<Feb. 1, 2000>
=260  \\$aRockville, MD :$bPeter Uetz,$c[1995]-
=310  \\$aUpdated approx. every 3 months.
=336  \\$atext$btxt$2rdacontent
=337  \\$acomputer$bc$2rdamedia
=338  \\$aonline resource$bcr$2rdacarrier
=538  \\$aMode of access: World Wide Web.
=500  \\$aTitle from embedded metadata (viewed June 19, 2013).
=500  \\$a"This database is maintained by Peter Uetz, JCVI, Rockville, MD (HTML pages + content) and Jakob Hallermann, Zoological Museum Hamburg (new species and updates)."
=500  \\$aHosted by: J. Craig Venter Institute (formerly, The Institute for Genomic Research).
=550  \\$aFormerly issued by: European Molecular Biology Laboratory (EMBL) <Feb. 1, 2000>
=520  8\$a"This database is intended to provide information on the classification of all living reptiles by listing all species and their pertinent higher taxa. The database therefore covers all living snakes, lizards, turtles, amphisbaenians, tuataras, and crocodiles. It is supposed to be a source of taxonomic data, thus providing primarily (scientific) names, synonyms, distributions and related data. However, a limited number of species accounts contain links to external sources including pictures. The database has no commercial interest and therefore depends on contributions from volunteers. It is currently supported by the Systematics Working Group of the German Herpetological Society (DGHT)"--Introduction.
=504  \\$aIncludes bibliographical references.
=650  \0$aReptiles$vClassification.
=650  \0$aReptiles$vNomenclature.
=650  \0$aReptiles$xComputer network resources.
=650  \7$aReptiles.$2fast$0(OCoLC)fst01095020
=650  \2$aReptiles$xclassification.
=655  \7$aClassification.$2fast$0(OCoLC)fst01697073
=655  \7$aTerminology.$2fast$0(OCoLC)fst01423880
=700  1\$aUetz, Peter.
=700  1\$aHallermann, Jakob.
=710  2\$aEuropean Molecular Biology Laboratory.
=710  2\$aInstitute for Genomic Research.
=710  2\$aJ. Craig Venter Institute.
=710  2\$aDeutsche Gesellschaft für Herpetologie und Terrarienkunde.$bAG Systematik.
=856  40$uhttp://www.reptile-database.org/
=856  40$uhttp://reptile-database.org/
=049  \\$aWAUW

