=LDR  00000cam a2200000 a 4500
=001  52152277
=008  020805s2002    nz       b   f000 0 eng  
=005  20250628094228.9
=010  \\$a  2002483452
=040  \\$aNZ1$beng$cNZ1$dDLC$dBTCTA$dWAU$dOCLCF$dOCLCO$dOCLCQ$dOCLCA$dOCLCQ$dNZ1$dOCLCO$dOCLCA$dOCLCQ$dOCLCO$dOCLCL
=020  \\$a047822253X$q(pbk.)
=020  \\$a9780478222531$q(pbk.)
=029  0\$aNLNZL$b997601803502836
=029  1\$aAU@$b000024070777
=029  1\$aAU@$b000024604724
=029  1\$aNZ1$b7095392
=029  1\$aNZ1$b760180
=042  \\$anznb
=043  \\$au-nz---
=050  00$aSF515.5.T8$bB53 2002
=082  04$a597.945$221$1https://id.oclc.org/worldcat/ddc/E47jFxGQC97KFBkfTYPWvWCFmD
=100  1\$aBlanchard, Barbara.
=245  10$aTuatara captive management plan and husbandry manual /$cBarbara Blanchard and the Tuatara Recovery Group within the Department of Conservation.
=260  \\$aWellington, N.Z. :$bDept. of Conservation,$c©2002.
=300  \\$a75 pages ;$c30 cm.
=336  \\$atext$btxt$2rdacontent
=337  \\$aunmediated$bn$2rdamedia
=338  \\$avolume$bnc$2rdacarrier
=490  1\$aThreatened species occasional publication,$x1170-3709 ;$vno. 21
=500  \\$a"June 2002."
=504  \\$aIncludes bibliographical references.
=505  0\$aTuatara captive management plan -- Tuatara husbandry manual.
=530  \\$aAlso available in an electronic ed.
=650  \0$aTuatara.
=650  \0$aCaptive reptiles$zNew Zealand.
=650  \0$aEndangered species$zNew Zealand.
=650  \6$aSphénodon ponctué.$0(CaQQLa)201-0383741
=650  \6$aReptiles en captivité$0(CaQQLa)201-0195758$zNouvelle-Zélande.$0(CaQQLa)201-0493133
=650  \7$aCaptive reptiles.$2fast$0(OCoLC)fst00846594
=650  \7$aEndangered species.$2fast$0(OCoLC)fst00909658
=650  \7$aTuatara.$2fast$0(OCoLC)fst01158443
=651  \7$aNew Zealand.$2fast$0(OCoLC)fst01204542$1https://id.oclc.org/worldcat/entity/E39QbtfRmXBg7mpKX7p4DJ8Kqp
=650  \7$aTuatara.$2reo$0(Nz)reo2164
=710  1\$aNew Zealand.$bDepartment of Conservation.
=710  1\$aNew Zealand.$bTuatara Recovery Group.
=830  \0$aThreatened species occasional publication ;$vno. 21.
=856  41$uhttp://www.doc.govt.nz/upload/documents/science-and-technical/TSOP21.pdf
=856  41$uhttp://bibpurl.oclc.org/web/5392$uhttp://www.doc.govt.nz/upload/documents/science-and-technical/TSOP21.pdf$zConnect to this title online$70
=938  \\$aBaker and Taylor$bBTCP$n2002483452
=049  \\$aWAUW

