=LDR  00000cam a2200000   4500
=001  4699195
=008  790228s1927    iauf     b    000 0 eng  
=005  20240308173106.2
=010  \\$a   28027138 
=040  \\$aDLC$beng$cUUM$dOCL$dSTF$dOCLCQ$dOCLCO$dVTU$dOCLCF$dSNN$dOCLCO$dFLARE$dOCLCO$dOCLCQ$dNIU$dOCLCO$dOCLCL$dNIU$dOCLCO
=050  04$aQH1$b.I58 vol.XII, no.1
=082  14$a500.908$bIo9s, v.12, no.1
=100  1\$aChristensen, Kermit,$d1903-
=245  14$aThe morphology of the brain of Sphenodon,$cby Kermit Christensen.
=260  \\$aIowa City, Ia.$bThe University,$c[1927]
=300  \\$a29, [2] pages$bXII plates$c24 cm
=336  \\$atext$btxt$2rdacontent
=337  \\$aunmediated$bn$2rdamedia
=338  \\$avolume$bnc$2rdacarrier
=490  1\$aUniversity of Iowa studies in natural history ... ;$vvol. XII, no. 1
=490  1\$aOn cover: University of Iowa studies. New series ;$vno. 131. May 15, 1927
=504  \\$aIncludes bibliographical references (pages 28-29).
=500  \\$aDescriptive letterpress on versos facing the plates.
=650  \0$aTuatara.
=650  \0$aBrain.
=650  \2$aBrain$0(DNLM)D001921
=650  \6$aCerveau.$0(CaQQLa)201-0003439
=650  \6$aSphénodon ponctué.$0(CaQQLa)201-0383741
=650  \7$abrains.$2aat$0(CStmoGRI)aat300191799
=650  \7$aBrain$2fast$0(OCoLC)fst00837570
=758  \\$ihas work:$aThe morphology of the brain of Sphenodon (Text)$1https://id.oclc.org/worldcat/entity/E39PCYTvfTRrt4TdCBvyrrVP33$4https://id.oclc.org/worldcat/ontology/hasWork
=776  08$iOnline version:$aChristensen, Kermit, 1903-$tMorphology of the brain of Sphenodon.$dIowa City, Ia. The University, [1927]$w(OCoLC)919972521
=830  \0$aUniversity of Iowa studies in natural history (1918) ;$vv. 12, no. 1.
=830  \0$aUniversity of Iowa studies ;$vnew ser., no. 131.
=029  1\$aAU@$b000028467601
=029  1\$aNLGGC$b043038646
=029  1\$aNZ1$b10398340
=029  1\$aZWZ$b019039336
=049  \\$aWAUW

