=LDR  00000cam a2200000 a 4500
=001  50982668
=008  020207s2001    nz b     b   f000 0 eng  
=005  20250702123450.0
=010  \\$a  2002437555
=040  \\$aNZ1$beng$cNZ1$dDLC$dWAU$dOCLCF$dOCLCQ$dNZWGA$dOCLCO$dOCLCQ$dOCLCO$dOCLCL$dWAU
=020  \\$a0478221312$q(pbk.)
=020  \\$a9780478221312$q(pbk.)
=042  \\$anznb
=043  \\$au-nz---
=050  00$aQL666.R48$bG38 2001
=082  04$a597.9450993$221
=100  1\$aGaze, P. D.,$eauthor.$1https://id.oclc.org/worldcat/entity/E39PCjwMM8YxPWtyxRkQJkP3kP
=245  10$aTuatara recovery plan, 2001-2011 /$c[prepared by Peter Gaze].
=260  \\$aWellington, N.Z. :$bBiodiversity Recovery Unit, Dept. of Conservation,$c©2001.
=300  \\$a36 pages :$bmap ;$c30 cm.
=336  \\$atext$btxt$2rdacontent
=337  \\$aunmediated$bn$2rdamedia
=338  \\$avolume$bnc$2rdacarrier
=490  1\$aThreatened species recovery plan,$x1170-3806 ;$v47
=504  \\$aIncludes bibliographical references (pages 27-28).
=530  \\$aAlso available online in PDF format.
=650  \0$aTuatara$zNew Zealand.
=650  \0$aWildlife recovery$zNew Zealand.
=650  \0$aEndangered species$zNew Zealand.
=655  \7$aWildlife recovery plans.$2lcgft
=710  1\$aNew Zealand.$bBiodiversity Recovery Unit,$eissuing body,$epublisher.
=830  \0$aThreatened species recovery plan series ;$v47.$x1170-3806
=856  41$uhttp://bibpurl.oclc.org/web/4055$uhttp://www.doc.govt.nz/upload/documents/science-and-technical/TSRP47.pdf$70
=029  0\$aNLNZL$b996983463502836
=029  1\$aAU@$b000023384350
=029  1\$aNZ1$b6743271
=029  1\$aNZ1$b698346
=049  \\$aWAUW

