=LDR  00000cas a2200000 a 4500
=001  31976451
=005  20220721134742.4
=008  950213c199u9999fluar   b    f1    0eng c
=007  he\bmb024bbca
=010  \\$asn 95027149 
=040  \\$aGPO$beng$cGPO$dWAU$dOCLCQ$dOCLCA$dOCLCO$dOCLCQ$dOCLCF$dOCLCQ$dMMM$dOCLCO$dCOM$dOCLCO$dOCL
=019  \\$a1145180493$a1153211211$a1166579480$a1224866682$a1225700035$a1231475093$a1298253129
=037  \\$bPaper version available from: National Marine Fisheries Service, Miami Laboratory, Sea Turtle Program, 75 Virginia Beach Dr., Miami, FL 33149
=037  \\$bPaper version available from: National Technical Information Service, 5285 Port Royal Rd., Springfield, VA 22161
=042  \\$apcc
=043  \\$an-us---
=074  \\$a0208-C-04 (MF)
=074  \\$a0208-C-04 (online)
=086  0\$aC 55.13/2:NMFS-SEFSC-
=049  \\$aWAUW
=111  2\$aAnnual Symposium on Sea Turtle Biology and Conservation.
=245  10$aProceedings of the ... Annual Symposium on Sea Turtle Biology and Conservation.
=246  1\$iVol. for 18th symposium has title:$aProceedings of the ... International Sea Turtle Symposium
=260  \\$aMiami, FL :$bU.S. Dept. of Commerce, National Oceanographic and Atmospheric Administration, National Marine Fisheries Service, Southeast Fisheries Science Center ;$aSpringfield, VA :$bCopies may be obtained by writing National Technical Information Service
=300  \\$avolumes :$billustrations, maps ;$c28 cm.
=310  \\$aAnnual
=336  \\$atext$btxt$2rdacontent
=337  \\$amicroform$bh$2rdamedia
=338  \\$amicrofiche$bhe$2rdacarrier
=490  1\$aNOAA technical memorandum NMFS-SEFSC
=500  \\$aSome v. distributed to depository libraries in microfiche.
=530  \\$aAlso issued via Internet at the NOAA web site as: Proceedings of the ... Annual Symposium on Sea Turtle Biology and Conservation (Online). Address as of Apr. 10, 2009: http://www.nmfs.noaa.gov/pr/species/turtles/symposia.htm (some issues PDF version); current access is available via PURL.
=588  \\$aDescription based on: 13th (23-27 Feb. 1993).
=533  \\$aMicrofiche.$m13th-$b[Washington, D.C.] :$cSupt. of Docs., U.S. G.P.O.,$d[1994-$emicrofiches : negative.
=650  \0$aSea turtles$vCongresses.
=650  \0$aSea turtles$xConservation$vCongresses.
=650  \0$aRare reptiles$vCongresses.
=650  \0$aWildlife conservation$vCongresses.
=650  \6$aReptiles rares$0(CaQQLa)201-0237004$vCongrès.$0(CaQQLa)201-0378219
=650  \6$aTortues marines$0(CaQQLa)201-0088476$vCongrès.$0(CaQQLa)201-0378219
=650  \6$aFaune$0(CaQQLa)201-0009995$xProtection$0(CaQQLa)201-0009995$vCongrès.$0(CaQQLa)201-0378219
=650  \6$aTortues marines$0(CaQQLa)201-0088476$xConservation$0(CaQQLa)201-0380951$vCongrès.$0(CaQQLa)201-0378219
=650  \7$aWildlife conservation.$2fast$0(OCoLC)fst01175253
=650  \7$aRare reptiles.$2fast$0(OCoLC)fst01090184
=650  \7$aSea turtles.$2fast$0(OCoLC)fst01110164
=655  \2$aCongress$0(DNLM)D016423
=655  \7$aConference papers and proceedings.$2fast$0(OCoLC)fst01423772
=655  \7$aConference papers and proceedings.$2lcgft
=655  \7$aActes de congrès.$2rvmgf$0(CaQQLa)RVMGF-000001049
=710  2\$aSoutheast Fisheries Science Center (U.S.)
=776  1\$cOriginal$w(DLC)sn 95027149$w(OCoLC)35564551
=776  1\$tProceedings of the ... Annual Symposium on Sea Turtle Biology and Conservation (Online)
=780  00$aWorkshop on Sea Turtle Biology and Conservation.$tProceedings of the ... Annual Workshop on Sea Turtle Biology and Conservation
=830  \0$aNOAA technical memorandum NMFS-SEFSC.
=856  41$uhttps://purl.fdlp.gov/GPO/LPS6540$zConnect to this title online; some issues require Adobe Acrobat software which is available for download$70
=936  \\$a18th (3-7 Mar. 1998)
=029  1\$aAU@$b000011578707

