=LDR  00000cgm a2200000 a 4500
=001  226866514
=008  080501p20082007enk290 g          vleng d
=005  20250616081916.2
=007  vd\cvaizs
=040  \\$aTEFMT$beng$cTEFMT$dGK8$dTEF$dVP@$dYDXCP$dAU@$dCN5O8$dMTG$dWIQ$dTTU$dOCLCA$dOCLCQ$dBDX$dOCLCO$dOCLCA$dOCLCF$dZCU$dOCLCO$dOCLCA$dOCLCQ$dOCLCO$dLAL$dACNLC$dYT1$dOCLCA$dSAV$dCN8BJ$dOCLCA$dRCL$dINT$dOCLCQ$dOCLCO$dOCLCQ$dWYG$dEZC$dOCLCO$dLKC$dOCLCO$dLMJ$dOCLCO$dAZZPT$dOCLCO$dSXQ$dOCLCO$dBYV$dOCLCO$dZQP$dOCLCO$dRC9$dOCLCO$dOCL$dMLA$dOCLCO$dOCLCA$dOCL$dOCLCO$dFRH$dOCLCO$dOCLCQ$dOCLCO$dOCLCL$dSFB$dOCLCQ$dOCLCL$dOCLCO$dOCLCL$dOCLCO$dOCLCL$dOCLCO$dOCLCL$dOCLCO$dCMI$dUKROW$dOCLCO$dOCLCL
=019  \\$a226979143$a670854031$a818213136$a978546995$a982673453$a990447105$a995881238$a1004461054$a1008842338$a1020533172$a1030770001$a1060736680$a1097276993$a1112363973$a1144638731$a1302893488$a1499143716
=020  \\$a1419868276
=020  \\$a9781419868276
=020  \\$a5014503255329
=024  10$a883929018413
=028  42$a1000038556$bBBC Video
=028  42$a3000016460$bBBC Video
=029  1\$aAU@$b000043160052
=029  1\$aNZ1$b12798085
=029  1\$aNZ1$b13208506
=029  1\$aNZ1$b13292224
=033  01$a2007----
=037  \\$bMidwest Tape$nhttp://www.midwesttapes.com
=044  \\$axxk$axxu
=050  14$aQL641$b.L54 2008
=060  \4$aQL 641$bL7227 2008
=082  04$a597.6$222$1https://id.oclc.org/worldcat/ddc/E3jhxCtt4x6Q3hr6hqXQFy3gk9
=245  00$aLife in cold blood /$c2 Entertain ; a BBC/Animal Planet co-production ; BBC Bristol ; series producer, Miles Barton ; executive producer, Sara Ford ; senior producer, Hilary Jeffkins ; written by David Attenborough.
=260  \\$a[England] :$bBBC Video ;$a[New York, NY] :$bDistributed by BBC Worldwide Americas ;$aBurbank, CA :$bDistributed by Warner Home Video,$c2008.
=300  \\$a2 videodiscs (290 min.) :$bsound, color ;$c4 3/4 in.
=336  \\$atwo-dimensional moving image$btdi$2rdacontent
=337  \\$avideo$bv$2rdamedia
=338  \\$avideodisc$bvd$2rdacarrier
=344  \\$adigital$2rdatr
=344  \\$bvideo
=345  \\$avideodisc
=346  \\$aDVD
=347  \\$avideo file
=347  \\$bDVD
=490  1\$aBBC natural history collection ;$v2
=538  \\$aDVD, region 1 NTSC, widescreen (16:9, enhanced) presentation; Dolby Digital 2.0 stereo., DVD-9 + DVD-5.
=546  \\$aOptional English subtitles for the deaf and hard of hearing.
=511  0\$aHost, David Attenborough.
=508  \\$aCold blooded truth: producer, Miles Barton ; photography, Gavin Thurston, Keith Brust, Justin Maguire, Kevin Flay, Paul Stewart, Michael Male, Mark Yates, Tom Fitz ; director, Scott Alexander ; editor, Andrew Mort ; music, David Poore, Ben Salisbury.
=508  \\$aLand invaders: producer, Hilary Jeffkins ; photography, Justin Maguire, Gavin Thurston, Alastair MacEwen, Keith Brust, Rod Clarke ; director, Scott Alexander ; editor, Dave Pearce ; music composed by Ben Salisbury, David Poore.
=508  \\$aDragons of the dry: producer, Miles Barton ; photography, Justin Maguire, Gavin Thurston, Peter Nearhos, Keith Brust, Michael Male, Mark Lamble, Kevin Flay, David Wright ; director, Scott Alexander ; editor, Tim Coope ; music composed by Ben Salisbury, David Poore.
=508  \\$aSophisticated serpents: producer, James Brickell ; photography, Mark Yates, Mark MacEwen, Gavin Thurston, Alastair MacEwen, Justin Maguire, Peter Nearhos, Luke Barnett, Richard Fitzpatrick, Keith Brust ; director, Scott Alexander ; editor, Andrew Chastney ; music composed by David Poore, Ben Salisbury.
=508  \\$aArmoured giants: producer, Adam White ; photography, Mark Mac Ewen, Mark Lamble, Gavin Thurston, David Wright, Scubazoo, Paul Stewart ; director, Scott Alexander ; editor, Andrew Mort ; music composed by David Poore, Ben Salisbury.
=508  \\$aUnder the skin: a BBC production for The Open University ; producer, James Brickell ; editors, Andrew Chastney, Simon Tucker ; music composed by Anthony Briscoe.
=500  \\$aOriginally produced in 2007.
=521  8\$aNot rated.
=520  \\$a"Amphibians and reptiles ruled the world for nearly 200 million years, and today there are well over 14,000 species. Ranging from some of the largest, most deadly creatures on Earth to the smallest and strangest, these are some of the most fascinating and dramatic animals on the planet ... With breathtaking footage and amazing action photography that proves the cold-blooded world is as passionate, dramatic and bizarre as any on Earth, this definitive series reveals the secrets of the most successful creatures ever to walk - or crawl - on land"--Container
=505  0\$adisc 1. episode. The cold blooded truth (58 min.) -- episode 2. Land invaders: amphibians (58 min.) -- episode 3. Dragons of the dry: lizards (58 min.) -- disc 2. episode 4. Sophisticated serpents: snakes (58 min.) -- episode 5. Armoured giants (58 min.).
=500  \\$aSpecial features: 10 minute behind the scenes featurette for each episode entitled Under the Skin.
=506  \\$aRestrictions: Home use only.
=650  \0$aCold-blooded animals.
=650  \0$aAmphibians.
=650  \0$aReptiles.
=650  \1$aAmphibians.
=650  \1$aReptiles.
=650  \2$aAmphibians$0(DNLM)D000663
=650  \2$aReptiles$0(DNLM)D012104
=650  \6$aPoïkilothermes.$0(CaQQLa)201-0074099
=650  \6$aAmphibiens.$0(CaQQLa)201-0033465
=650  \6$aReptiles.$0(CaQQLa)201-0030548
=650  \7$aAmphibia (class)$2aat$0(CStmoGRI)aat300249665
=650  \7$aAmphibians$2fast$0(OCoLC)fst00807900
=650  \7$aCold-blooded animals$2fast$0(OCoLC)fst00867018
=650  \7$aReptiles$2fast$0(OCoLC)fst01095020
=650  \7$aCold-blooded animals.$2sears
=650  \7$aAmphibians.$2sears
=650  \7$aReptiles.$2sears
=650  \8$aCold-blooded animals.
=650  \8$aAmphibians.
=650  \8$aReptiles.
=655  \0$aDocumentary television programs.
=655  \0$aScience television programs.
=655  \0$aWildlife television programs.
=655  \0$aNature television programs.
=655  \0$aTelevision programs for the hearing impaired.
=655  \0$aNonfiction television programs.
=655  \0$aTelevision programs.
=655  \4$aDocumentary$vTelevision special.
=655  \7$aFilms for the hearing impaired$2fast$0(OCoLC)fst01710386
=655  \7$aWildlife television programs$2fast$0(OCoLC)fst01726242
=655  \7$aVideo recordings for the hearing impaired$2fast$0(OCoLC)fst01710450
=655  \7$aNature television programs$2fast$0(OCoLC)fst01726241
=655  \7$aDocumentary television programs$2fast$0(OCoLC)fst01710387
=655  \7$aNonfiction television programs$2fast$0(OCoLC)fst01710270
=655  \7$aScience television programs$2fast$0(OCoLC)fst01726240
=655  \7$aTelevision programs$2fast$0(OCoLC)fst01726253
=655  \7$aTelevision programs for the hearing impaired$2fast$0(OCoLC)fst01710267
=655  \7$aDocumentary television programs.$2lcgft
=655  \7$aScience television programs.$2lcgft
=655  \7$aWildlife television programs.$2lcgft
=655  \7$aNature television programs.$2lcgft
=655  \7$aTelevision programs for the hearing impaired.$2lcgft
=655  \7$aNonfiction television programs.$2lcgft
=655  \7$aTelevision programs.$2lcgft
=655  \7$aFilms for the hearing impaired.$2lcgft
=655  \7$aVideo recordings for the hearing impaired.$2lcgft
=655  \7$aDocumentary$vTelevision special.$2migfg
=655  \7$aDocumentaires télévisés.$2rvmgf$0(CaQQLa)RVMGF-000000018
=655  \7$aÉmissions scientifiques télévisées.$2rvmgf$0(CaQQLa)RVMGF-000000063
=655  \7$aÉmissions télévisées sur la faune et la flore.$2rvmgf$0(CaQQLa)RVMGF-000000051
=655  \7$aÉmissions télévisées sur la nature.$2rvmgf$0(CaQQLa)RVMGF-000000052
=655  \7$aÉmissions télévisées pour personnes ayant une déficience auditive.$2rvmgf$0(CaQQLa)RVMGF-000000020
=655  \7$aÉmissions télévisées autres que de fiction.$2rvmgf$0(CaQQLa)RVMGF-000000019
=655  \7$aÉmissions télévisées.$2rvmgf$0(CaQQLa)RVMGF-000000027
=655  \7$aFilms pour personnes ayant une déficience auditive.$2rvmgf$0(CaQQLa)RVMGF-000000006
=655  \7$aVidéos pour personnes ayant une déficience auditive.$2rvmgf$0(CaQQLa)RVMGF-000000009
=700  1\$aBarton, Miles.
=700  1\$aFord, Sara.
=700  1\$aBrickell, James.
=700  1\$aWhite, Adam.
=700  1\$aJeffkins, Hilary.
=700  1\$aAttenborough, David,$d1926-$4aus$4nrt$1https://id.oclc.org/worldcat/entity/E39PBJv4fXB6K34Xdvfm4j7yh3
=710  2\$a2 Entertain (Firm)$1https://id.oclc.org/worldcat/entity/E39QH7Jmqv6JfcP4gJgf6bBfY6
=710  2\$aBritish Broadcasting Corporation.$bNatural History Unit.
=710  2\$aBritish Broadcasting Corporation.$bTelevision Service.$1https://id.oclc.org/worldcat/entity/E39QQPVp7XKCDhdmK3W93tYTB6
=710  2\$aAnimal Planet (Television network)$1https://id.oclc.org/worldcat/entity/E39QH7JmrcrDR4m6KcqJ6q37gg
=710  2\$aBBC Video (Firm)$1https://id.oclc.org/worldcat/entity/E39QH7JmmR6YB9KkXFf47Kvb9t
=710  2\$aBBC Worldwide Americas, Inc.$1https://id.oclc.org/worldcat/entity/E39QH7JmqGxCb4gfcCKbT7kHxt
=710  2\$aOpen University.
=710  2\$aWarner Home Video (Firm)$1https://id.oclc.org/worldcat/entity/E39QQPVp7Xgq7hk3RjcqgQddp6
=758  \\$ihas work:$aLife in cold blood [DVD] (MovingImage)$1https://id.oclc.org/worldcat/entity/E39PCGKDkBytDbdbHC6dTMX3Yq$4https://id.oclc.org/worldcat/ontology/hasWork
=830  \0$aBBC natural history collection ;$v2.
=938  \\$aBrodart$bBROD$n08532974$c{dollar}34.98
=938  \\$aYBP Library Services$bYANK$n2810605
=049  \\$aWAUW

