=LDR  00000cam a2200000 i 4500
=001  4793614
=008  790328e19530717iluab    b    000 0 eng  
=005  20240802172346.9
=010  \\$a   53012443 
=019  \\$a40876574$a947985253
=029  1\$aHEBIS$b134837223
=029  1\$aNZ1$b16319058
=043  \\$au-nz---
=050  \4$aQL1$b.F4 vol. 34, no. 12
=051  \\$aQH197$b.S35$ccopy 2
=082  14$a591.08$bC432f, v.34, no.12
=100  1\$aSchmidt, Karl Patterson,$d1890-1957,$eauthor.$1https://id.oclc.org/worldcat/entity/E39PBJfmhPRqTxCgtdQWHhTT73
=245  12$aA visit to Karewa Island, home of the tuatara /$cKarl P. Schmidt, Chief Curator, Department of Zoology
=264  \1$a[Chicago] :$bChicago Natural History Museum,$cJuly 17, 1953
=300  \\$apages 153-164 :$billustrations, map ;$c24 cm
=336  \\$atext$btxt$2rdacontent
=337  \\$aunmediated$bn$2rdamedia
=338  \\$avolume$bnc$2rdacarrier
=490  1\$aFieldiana. Zoology ;$vVolume 34, No. 12
=490  1\$a[Publication] ;$vNo. 709
=504  \\$aIncludes bibliographical references (pages 163-164)
=588  \\$aCaption title
=650  \0$aNatural history$zKarewa Island.
=650  \0$aTuatara$zKarewa Island.
=650  \7$aTuatara$2fast$0(OCoLC)fst01158443
=650  \7$aNatural history$2fast$0(OCoLC)fst01034268
=710  2\$aChicago Natural History Museum,$eissuing body.
=758  \\$ihas work:$aA visit to Karewa Island, home of the tuatara (Text)$1https://id.oclc.org/worldcat/entity/E39PCGd4QgFMqhYkMvVhdMJCHy$4https://id.oclc.org/worldcat/ontology/hasWork
=776  08$iOnline version:$aSchmidt, Karl Patterson, 1890-1957.$tVisit to Karewa Island.$dChicago : Chicago Natural History Museum, 1953$w(OCoLC)910494058
=830  \0$aFieldiana.$pZoology ;$vv. 34, no. 12.
=830  \0$aPublication (Chicago Natural History Museum) ;$v709.
=040  \\$aDLC$beng$cAZN$dOCL$dOCLCQ$dOCLCG$dOCLCQ$dOCLCO$dVTU$dOCLCF$dORE$dOCL$dOCLCO$dOCLCL$dWVU
=049  \\$aWAUW

