=LDR  00000cam a2200000 a 4500
=001  52630449
=006  m     o  d f      
=008  030717s2000    nz ab   ob   f000 0 eng c
=005  20250628094233.9
=007  cr\gn|||||||||
=040  \\$aWAU$beng$cWAU$dWAU$dOCLCQ$dOCLCA$dOCLCF$dOCLCO$dOCLCQ$dOCLCA$dOCLCQ$dOCLCA$dOCLCQ$dOCLCO$dOCLCQ$dOCLCL
=020  \\$z0478219636
=042  \\$apcc
=043  \\$au-nz---
=050  \4$aQL666.R48$bT97 2000a
=082  04$a597.945$qOCoLC$221/eng/20230216$1https://id.oclc.org/worldcat/ddc/E47jFxGQC97KFBkfTYPWvWCFmD
=100  1\$aTyrrell, Claudine L.
=245  10$aVariation in reproduction and condition of northern tuatara (Sphenodon punctatus punctatus) in the presence and absence of kiore /$cClaudine L. Turrell, Alison Cree, and David R. Towns.
=246  17$aEffect on northern tuatara of the presence of kiore
=260  \\$aWellington, N.Z. :$bDept. of Conservation,$c©2000.
=300  \\$a42 pages :$billustrations, maps ;$c30 cm.
=336  \\$atext$btxt$2rdacontent
=337  \\$acomputer$bc$2rdamedia
=338  \\$aonline resource$bcr$2rdacarrier
=490  1\$aScience for conservation,$x1179-2946 ;$v153
=520  3\$aAspects of reproduction and condition in northern tuatara were studied between 1996 and 1998. None of the variations noted in egg production were associated with the presence of kiore. The presence of kiore was associated with lower body condition in female tuatara. Size-class distributions indicate an under-representation of juvenile and subadult tuatara on kiore-inhabited islands.
=504  \\$aIncludes bibliographical references (pages 38-42).
=533  \\$aElectronic reproduction.$b[Wellington, N.Z. :$cDept. of Conservation,$dbetween 2000 and 2003].$nMode of access: World Wide Web.$nSystem requirements: Adobe Acrobat reader.
=539  \\$aq$b2000$c2003$dnz$en$gs
=650  \0$aTuatara$zNew Zealand.
=650  \0$aPolynesian rat$zNew Zealand.
=650  \6$aSphénodon ponctué$0(CaQQLa)201-0383741$zNouvelle-Zélande.$0(CaQQLa)201-0493133
=650  \7$aPolynesian rat.$2fast$0(OCoLC)fst01430978
=650  \7$aTuatara.$2fast$0(OCoLC)fst01158443
=651  \7$aNew Zealand.$2fast$0(OCoLC)fst01204542$1https://id.oclc.org/worldcat/entity/E39QbtfRmXBg7mpKX7p4DJ8Kqp
=700  1\$aCree, Alison.
=700  1\$aTowns, D. R.
=710  1\$aNew Zealand.$bDepartment of Conservation.
=758  \\$ihas work:$aVariation in reproduction and condition of northern tuatara (Sphenodon punctatus punctatus) in the presence and absence of kiore (Text)$1https://id.oclc.org/worldcat/entity/E39PCGcKy4MB6r74JP76ydqKbb$4https://id.oclc.org/worldcat/ontology/hasWork
=830  \0$aScience for conservation ;$v153.$x1179-2946
=856  40$uhttp://bibpurl.oclc.org/web/5086$uhttp://www.doc.govt.nz/upload/documents/science-and-technical/sfc153.pdf$zConnect to this title online$70
=049  \\$aWAUW

