=LDR  00000cgm a2200000 a 4500
=001  32098595
=008  950306s1994    xx 035 j          vleng d
=005  20250701101914.5
=007  vf\cbahos
=040  \\$aDMM$beng$cDMM$dEXR$dJDP$dCAW$dJED$dOCL$dMNM$dOCL$dOCLCQ$dNZPSL$dOCLCQ$dON8$dEUX$dT7B$dVYG$dZIG$dDUNPL$dOCLCQ$dWAU$dOCLCO$dOCLCF$dOCLCQ$dOCLCO$dOCLCA$dZEM$dOCLCQ$dOCL$dCPS$dTXKIP$dOCLCO$dOCL$dOCLCQ$dOCLCO$dOCLCL$dOCLCQ$dOCLCL$dOCLCO$dOCLCL
=019  \\$a32019713$a132816386$a503240788$a606142544$a670097194$a704900212
=020  \\$a1564589188
=020  \\$a9781564589187
=020  \\$a0789471167
=020  \\$a9780789471161
=024  10$a635517071160
=028  42$a5-70821$bDorling Kindersley Vision ; BBC Lionheart Television
=029  1\$aNZ1$b4873796
=050  \4$aQL665$b.R47 1994
=082  04$a597.9$220$1https://id.oclc.org/worldcat/ddc/E39PY6y9bjhYg6VFD4dmkPr7TM
=245  00$aReptile /$ca co-production of BBC Wildvision, BBC Lionheart Television and Dorling Kindersley Vision in association with Oregon Public Broadcasting.
=260  \\$a[Place of publication not identified] :$bDorling Kindersley Vision :$bBBC Lionheart Television,$c1994.
=300  \\$a1 videocassette (VHS) (35 min.) :$bsound, color ;$c1/2 in.
=336  \\$atwo-dimensional moving image$btdi$2rdacontent
=337  \\$avideo$bv$2rdamedia
=338  \\$avideocassette$bvf$2rdacarrier
=490  1\$aEyewitness video series
=538  \\$aVHS.
=511  0\$aNarrated by Martin Sheen.
=508  \\$aProducer, Ben Southwell ; writers, David Helton, Ben Southwell ; music, Guy Michelmore ; series producer, Bill Butt ; executive producers, Simon Jollands, Eve Krzyzanowski ; graphics director, Alisa Robbins.
=500  \\$aStereo.
=500  \\$aClosed-captioned for the hearing impaired.
=500  \\$aNot rated.
=520  \\$a"Experience the alien world of these cold-blooded vertebrates, learning the truth about these often misunderstood creatures and uncovering reptilian facts that are stranger then fiction."--Box
=546  \\$aClosed-captioned for the hearing impaired.
=650  \0$aReptiles.
=650  \0$aNatural history.
=650  \0$aFilms for hard of hearing people.
=650  \0$aChildren's films.
=650  \1$aReptiles.
=650  \2$aReptiles$0(DNLM)D012104
=650  \2$aNatural History$0(DNLM)D019021
=650  \6$aReptiles.$0(CaQQLa)201-0030548
=650  \6$aSciences naturelles.$0(CaQQLa)201-0003893
=650  \6$aFilms pour personnes ayant une déficience auditive.$0(CaQQLa)201-0163363
=650  \6$aFilms pour enfants.$0(CaQQLa)201-0071571
=650  \7$anatural sciences.$2aat$0(CStmoGRI)aat300233656
=650  \7$aChildren's films$2fast$0(OCoLC)fst00855771
=650  \7$aFilms for the hearing impaired$2fast$0(OCoLC)fst00924314
=650  \7$aNatural history$2fast$0(OCoLC)fst01034268
=650  \7$aReptiles$2fast$0(OCoLC)fst01095020
=650  \7$aClosed captioning.$2sears
=655  \7$achildren's films.$2aat$0(CStmoGRI)aatgf300138231
=655  \7$aFilms for the hearing impaired$2fast$0(OCoLC)fst01710386
=655  \7$aJuvenile works$2fast$0(OCoLC)fst01411637
=655  \7$aChildren's films$2fast$0(OCoLC)fst01920781
=655  \7$aScience films$2fast$0(OCoLC)fst01726237
=655  \7$aVideo recordings for the hearing impaired$2fast$0(OCoLC)fst01710450
=655  \7$aWildlife films$2fast$0(OCoLC)fst01726239
=655  \7$aWildlife television programs$2fast$0(OCoLC)fst01726242
=655  \7$aFilms for the hearing impaired.$2lcgft
=655  \7$aScience films.$2lcgft
=655  \7$aWildlife films.$2lcgft
=655  \7$aWildlife television programs.$2lcgft
=655  \7$aChildren's films.$2lcgft
=655  \7$aVideo recordings for the hearing impaired.$2lcgft
=655  \7$aFilms pour personnes ayant une déficience auditive.$2rvmgf$0(CaQQLa)RVMGF-000000006
=655  \7$aFilms scientifiques.$2rvmgf$0(CaQQLa)RVMGF-000000085
=655  \7$aÉmissions télévisées sur la faune et la flore.$2rvmgf$0(CaQQLa)RVMGF-000000051
=655  \7$aFilms pour enfants.$2rvmgf$0(CaQQLa)RVMGF-000000012
=655  \7$aVidéos pour personnes ayant une déficience auditive.$2rvmgf$0(CaQQLa)RVMGF-000000009
=700  1\$aSouthwell, Ben.
=700  1\$aSheen, Martin.
=700  1\$aHelton, David.
=710  2\$aBritish Broadcasting Corporation.
=710  2\$aBBC Wildvision (Firm)$1https://id.oclc.org/worldcat/entity/E39QH7JmqHvVmcmgBkTQhkBjxt
=710  2\$aBBC Lionheart Television (Firm)
=710  2\$aDorling Kindersley, Inc.$1https://id.oclc.org/worldcat/entity/E39QH7JmqGvkc8CjG9TtwdcKtg
=710  2\$aOregon Public Broadcasting.
=830  \0$aEyewitness video series.
=049  \\$aWAUW

