=LDR  00000cem a2200000 a 4500
=001  45487385
=005  20241103181643.6
=008  001116s1996    mp bg     a  f  1   eng  
=007  aj\canzn
=010  \\$a   00557588 
=040  \\$aDLC$beng$cDLC$dOCLCQ$dWAU$dOCLCQ$dOCLCA$dOCLCF$dOCLCO$dOCLCQ$dOCLCO$dOCL$dOCLCO$dOCLCA$dOCLCO$dOCLCQ$dOCLCL$dOCLCQ$dOCLCO
=034  1\$aa$b3000000
=043  \\$aa-mp---
=050  00$aG7896.C57 1996$b.T7 MLC
=052  \\$a7896
=072  \7$aC57$2lcg
=049  \\$aWAUW
=100  1\$aTsogtbaatar, H.
=245  10$aDistribution map of Mongolian dinosaurs :$bscale 1:3 000 000 /$ccompiled by H. Tsogtbaatar, Ya. Sandagdorj.
=255  \\$aScale 1:3,000,000.
=260  \\$aUlaanbaatar :$bCartographic Enterprise of the State Administration of Geodesy and Cartography,$c1996.
=300  \\$a1 map :$bcolor ;$c41 x 83 cm, folded to 22 x 11 cm
=336  \\$acartographic image$bcri$2rdacontent
=337  \\$aunmediated$bn$2rdamedia
=338  \\$asheet$bnb$2rdacarrier
=500  \\$aPictorial map.
=500  \\$aRelief shown by shading and spot heights.
=500  \\$aOn title panel: ICA/ACI.
=500  \\$aIncludes index of dinosaur fossil locations.
=500  \\$aText, ill. of dinosaurs (some col.), and directory of dinosaur species on verso.
=650  \0$aDinosaurs$zMongolia$vMaps.
=650  \0$aDinosaurs$zMongolia$vPictorial works.
=650  \0$aReptiles, Fossil$zMongolia$vMaps.
=651  \0$aMongolia$vMaps.
=650  \6$aDinosaures$0(CaQQLa)201-0022323$zMongolie$0(CaQQLa)201-0427251$vOuvrages illustrés.$0(CaQQLa)201-0377738
=650  \7$aDinosaurs$2fast$0(OCoLC)fst00893996
=650  \7$aReptiles, Fossil$2fast$0(OCoLC)fst01095064
=651  \7$aMongolia$2fast$1https://id.oclc.org/worldcat/entity/E39PBJm9cxrHHp4ckGhwYX8XBP$0(OCoLC)fst01208752
=655  \7$apictorial maps.$2aat$0(CStmoGRI)aatgf300028385
=655  \7$aPictorial maps$2fast$0(OCoLC)fst01423807
=655  \7$aMaps$2fast$0(OCoLC)fst01423704
=655  \7$aIllustrated works$2fast$0(OCoLC)fst01423873
=655  \7$aPictorial maps.$2lcgft
=655  \7$aCartes illustrées.$2rvmgf$0(CaQQLa)RVMGF-000000209
=700  1\$aSandagdorzh, I︠A︡.
=710  1\$aMongolia.$bUlsyn Geodezi, Zurag Zu̇ĭn Gazar.$bZurag Zu̇ĭn U̇ĭldvėrt.
=758  \\$ihas work:$aDistribution map of Mongolian dinosaurs (CartographicMaterial)$1https://id.oclc.org/worldcat/entity/E39PCGfH4Xx3Bjfd63X84q8bJP$4https://id.oclc.org/worldcat/ontology/hasWork
=029  1\$aAU@$b000013657475
=029  1\$aAU@$b000022095766

