=LDR  00000cpcaa2200000 a 4500
=001  72866372
=005  20241016212606.9
=008  061013i19441984xx                  eng d
=040  \\$aWAU$beng$edacs$cWAU$dOCLCG$dWAU$dOCLCQ$dOCLCA$dWAU$dOCLCA$dOCLCF$dOCLCO$dWAU$dOCLCA$dOCLCO$dOCLCA$dOCLCL$dOCLCQ$dOCLCL$dOCLCO
=043  \\$an-us-wa$an-us-ak$apoxe---
=049  \\$aWAUW
=110  2\$aUniversity of Washington.$bLaboratory of Radiation Ecology.
=245  10$aUniversity of Washington, Laboratory of Radiation Ecology records,$f1944-1984.
=300  \\$a27$fcubic feet (27$fboxes)
=351  \\$aArranged in two accessions: 1. Accession No. 90-060, University of Washington, Laboratory of Radiation Ecology records, 1948-1984; 2. Accession No. 00-065, University of Washington, Laboratory of Radiation Ecology records, 1944-1970.
=545  1\$aThe Applied Fisheries Laboratory was created at the University of Washington, Seattle, in 1943, with Dr. Lauren R. Donaldson as its first director. In 1946 the laboratory came under the administration of the U.S. Atomic Energy Commission. It was charged with evaluating the hazards of radiation in and around water, and its main effort was assessing the effect of the Hanford Nuclear Site on the Columbia River. In 1946 the lab began studying the biological effects of nuclear weapons tested at the Eniwetok Test Site at Bikini and Eniwetok Atolls, Marshall Islands, and after an accidental weapon detonation there in 1954, it researched the contamination of fish and native foods in the area. In 1957 a cooperative laboratory was established with the Washington Department of Game at Fern Lake in Kitsap County, Washington. The name of the Applied Fisheries Laboratory changed in 1958 to Laboratory of Radiation Biology, and in 1966 that name changed to Laboratory of Radiation Ecology. The laboratory continued as a division of the University of Washington Fisheries Research Institute until approximately 1987.
=520  2\$aThis record group documents the administration and research projects of the Applied Fisheries Laboratory, later known as the Laboratory of Radiation Biology and then the Laboratory of Radiation Ecology, at the University of Washington. Records include documentation of studies of the Bikini and Eniwetok Atolls, the larger Marshall Islands area, the Columbia River, and Fern Lake, among many other locations. Included are correspondence, reports, writings, subject files, logs, photographs and slides, trip files, convention and conference files, and ephemera.
=506  \\$aThe records are open to all users; however, access to records that are exempt from public disclosure is restricted. Contact the Special Collections division of the University of Washington Libraries for details.
=540  \\$aThese are public records; use is unrestricted when access is granted.
=544  1\$dSee also Lauren R. Donaldson papers (Record group 37.06.2932) in the$aUniversity of Washington Libraries Special Collections Division.
=555  0\$aA finding aid to the records is available in the Special Collections division of the University of Washington Libraries and on the World Wide Web.
=524  \\$aUniversity of Washington, Laboratory of Radiation Ecology records. Special Collections Division, University of Washington Libraries, Seattle, Washington.
=600  10$aDonaldson, Lauren R.$q(Lauren Russell),$d1903-1998.
=600  10$aHines, Neal O.
=600  10$aSchell, W. R.$q(William R.),$d1932-
=600  10$aSeymour, Allyn Henry,$d1913-
=610  20$aUniversity of Washington.$bLaboratory of Radiation Ecology$vArchives.
=610  20$aUniversity of Washington.$bLaboratory of Radiation Biology$vArchives.
=610  20$aUniversity of Washington.$bApplied Fisheries Laboratory$vArchives.
=610  20$aU.S. Atomic Energy Commission.
=610  20$aProject Chariot.
=610  20$aUniversity of Washington.$bGraduate School.
=630  00$aProving ground.
=650  \0$aBiological laboratories$zWashington (State)$zSeattle.
=650  \0$aEnvironmental laboratories$zWashington (State)$zSeattle.
=650  \0$aRadioactive pollution of the sea.
=650  \0$aRadioactive pollution of water.
=650  \0$aRadioactive substances in rivers, lakes, etc.
=650  \0$aRadioactive pollution$zMarshall Islands.
=650  \0$aRadioactive pollution$zAlaska$zAmchitka Island.
=650  \0$aRadioactive pollution$zAlaska$zNorth Slope.
=650  \0$aWater$xPollution$zAlaska$zPrudhoe Bay.
=650  \0$aEnvironmental monitoring$zMarshall Islands.
=650  \0$aRadioecology.
=650  \0$aAquatic radioecology.
=650  \0$aAquatic radioecology$zColumbia River.
=650  \0$aMarine radioecology.
=650  \0$aFreshwater radioecology.
=650  \0$aRadiobiology.
=650  \0$aRadioactivity$xPhysiological effect.
=650  \0$aRadioactivity$xToxicology.
=650  \0$aFishes$xEffect of radioactive pollution on.
=650  \0$aMarine animals$xEffect of radioactive pollution on.
=650  \0$aUnderground nuclear explosions$xEnvironmental aspects$zAlaska$zAmchitka Island.
=650  \0$aScientific surveys$zMarshall Islands.
=650  \0$aRivers$zNew York (State)$xEnvironmental conditions.
=650  \0$aRadioisotopes$xPhysiological effect$zPacific Ocean.
=650  \0$aHeavy metals$xPhysiological effect.
=651  \0$aMarshall Islands$xEnvironmental conditions.
=651  \0$aBikini Atoll (Marshall Islands)$xEnvironmental conditions.
=651  \0$aEnewetak Atoll (Marshall Islands)$xEnvironmental conditions.
=651  \0$aRongelap Atoll (Marshall Islands)$xEnvironmental conditions.
=651  \0$aAmchitka Island (Alaska)$xEnvironmental conditions.
=651  \0$aColumbia River$xEnvironmental conditions.
=651  \0$aPuget Sound (Wash.)$xEnvironmental conditions.
=651  \0$aPrudhoe Bay (Alaska)$xEnvironmental conditions.
=651  \0$aKoeneman, Lake (Wash.)$xEnvironmental conditions.
=651  \0$aPacific Ocean$xEnvironmental conditions.
=650  \0$aRadioisotopes$xPhysiological effect.
=650  \2$aWater Pollution, Radioactive$0(DNLM)D014878
=650  \2$aWater Pollutants, Radioactive$0(DNLM)D014875
=650  \2$aRadiobiology$0(DNLM)D011853
=650  \6$aBiologie$0(CaQQLa)201-0003876$xLaboratoires$0(CaQQLa)201-0003876$zWashington (État)$0(CaQQLa)201-0394837$zSeattle.$0(CaQQLa)201-0394837
=650  \6$aEnvironnement$0(CaQQLa)201-0131246$xLaboratoires$0(CaQQLa)201-0131246$zWashington (État)$0(CaQQLa)201-0394837$zSeattle.$0(CaQQLa)201-0394837
=650  \6$aPollution radioactive de la mer.$0(CaQQLa)201-0006040
=650  \6$aPollution radioactive des eaux.$0(CaQQLa)201-0005863
=650  \6$aSubstances radioactives dans les cours d'eau, lacs, etc.$0(CaQQLa)201-0005862
=650  \6$aPollution radioactive$0(CaQQLa)201-0009628$zAlaska$0(CaQQLa)201-0461275$zAmchitka.$0(CaQQLa)201-0461275
=650  \6$aPollution radioactive$0(CaQQLa)201-0009628$zAlaska$0(CaQQLa)201-0461333$zNorth Slope.$0(CaQQLa)201-0461333
=650  \6$aRadioécologie.$0(CaQQLa)201-0016413
=650  \6$aRadioécologie des eaux.$0(CaQQLa)201-0299890
=650  \6$aRadioécologie des eaux$0(CaQQLa)201-0299890$zColumbia (Fleuve)$0(CaQQLa)201-0405602
=650  \6$aRadioécologie marine.$0(CaQQLa)201-0016415
=650  \6$aRadioécologie d'eau douce.$0(CaQQLa)201-0299894
=650  \6$aRadiobiologie.$0(CaQQLa)201-0009710
=650  \6$aRadioactivité$xEffets physiologiques.$0(CaQQLa)201-0055594
=650  \6$aPoissons$xEffets de la pollution radioactive sur.$0(CaQQLa)201-0439810
=650  \6$aFaune marine$0(CaQQLa)201-0009398$xEffets de la pollution radioactive sur.$0(CaQQLa)000273361
=650  \6$aExplosions nucléaires souterraines$0(CaQQLa)201-0014063$xAspect de l'environnement$0(CaQQLa)201-0374355$zAlaska$0(CaQQLa)201-0461275$zAmchitka.$0(CaQQLa)201-0461275
=650  \6$aCours d'eau$0(CaQQLa)201-0110189$zNew York (État)$0(CaQQLa)201-0110189$xConditions environnementales.$0(CaQQLa)000275536
=650  \6$aIsotopes radioactifs$xEffets physiologiques.$0(CaQQLa)201-0096170
=650  \6$aÉléments traces métalliques$xEffets physiologiques.$0(CaQQLa)201-0068729
=651  \6$aMarshall (Archipel)$0(CaQQLa)201-0147846$xConditions environnementales.$0(CaQQLa)000275536
=651  \6$aBikini (Marshall)$0(CaQQLa)201-0157442$xConditions environnementales.$0(CaQQLa)000275536
=651  \6$aEniwetok (Marshall)$0(CaQQLa)201-0243033$xConditions environnementales.$0(CaQQLa)000275536
=651  \6$aAmchitka (Alaska)$0(CaQQLa)201-0214681$xConditions environnementales.$0(CaQQLa)000275536
=651  \6$aColumbia (Fleuve)$0(CaQQLa)201-0111008$xConditions environnementales.$0(CaQQLa)000275536
=651  \6$aPuget Sound (Wash.)$0(CaQQLa)201-0156351$xConditions environnementales.$0(CaQQLa)000275536
=651  \6$aPrudhoe, Baie (Alaska)$0(CaQQLa)201-0174459$xConditions environnementales.$0(CaQQLa)000275536
=651  \6$aPacifique, Océan$0(CaQQLa)201-0125183$xConditions environnementales.$0(CaQQLa)000275536
=600  17$aDonaldson, Lauren R.$q(Lauren Russell),$d1903-1998$2fast$1https://id.oclc.org/worldcat/entity/E39PBJg8D69frwDB6dqjh8GCQq$0(OCoLC)fst01662665
=600  17$aHines, Neal O.$2fast$0(OCoLC)fst01444940
=600  17$aSchell, W. R.$q(William R.),$d1932-$2fast$0(OCoLC)fst01442449
=600  17$aSeymour, Allyn Henry,$d1913-$2fast$0(OCoLC)fst00046507
=610  27$aProject Chariot$2fast$1https://id.oclc.org/worldcat/entity/E39QH7JmpTwjvCkrgFdrmP48dF$0(OCoLC)fst00695074
=610  27$aU.S. Atomic Energy Commission$2fast$1https://id.oclc.org/worldcat/entity/E39QQPVp7Tx9YfDVcYmgtrJHxt$0(OCoLC)fst00525928
=610  27$aUniversity of Washington.$bGraduate School$2fast$0(OCoLC)fst01695804
=610  27$aUniversity of Washington.$bLaboratory of Radiation Biology$2fast$0(OCoLC)fst00544280
=610  27$aUniversity of Washington.$bLaboratory of Radiation Ecology$2fast$0(OCoLC)fst01444364
=650  \7$aAquatic radioecology$2fast$0(OCoLC)fst00812084
=650  \7$aBiological laboratories$2fast$0(OCoLC)fst00832260
=650  \7$aEcology$2fast$0(OCoLC)fst00901476
=650  \7$aEnvironmental laboratories$2fast$0(OCoLC)fst00913110
=650  \7$aEnvironmental monitoring$2fast$0(OCoLC)fst00913214
=650  \7$aFishes$xEffect of radioactive pollution on$2fast$0(OCoLC)fst01765707
=650  \7$aFreshwater radioecology$2fast$0(OCoLC)fst00935097
=650  \7$aHeavy metals$xPhysiological effect$2fast$0(OCoLC)fst00954148
=650  \7$aMarine radioecology$2fast$0(OCoLC)fst01009877
=650  \7$aRadioactive pollution$2fast$0(OCoLC)fst01087680
=650  \7$aRadioactive pollution of the sea$2fast$0(OCoLC)fst01087715
=650  \7$aRadioactive pollution of water$2fast$0(OCoLC)fst01087720
=650  \7$aRadioactive substances in rivers, lakes, etc.$2fast$0(OCoLC)fst01087780
=650  \7$aRadioactivity$xPhysiological effect$2fast$0(OCoLC)fst01088030
=650  \7$aRadioactivity$xToxicology$2fast$0(OCoLC)fst01088037
=650  \7$aRadiobiology$2fast$0(OCoLC)fst01088040
=650  \7$aRadioecology$2fast$0(OCoLC)fst01088065
=650  \7$aRadioisotopes$xPhysiological effect$2fast$0(OCoLC)fst01088176
=650  \7$aScientific surveys$2fast$0(OCoLC)fst01108889
=650  \7$aUnderground nuclear explosions$xEnvironmental aspects$2fast$0(OCoLC)fst01160957
=650  \7$aWater$xPollution$2fast$0(OCoLC)fst01171279
=651  \7$aAlaska$zAmchitka Island$2fast$1https://id.oclc.org/worldcat/entity/E39QbtfRtkDhdPHgHwYxFB8DhB$0(OCoLC)fst01262583
=651  \7$aAlaska$zNorth Slope$2fast$0(OCoLC)fst01242508
=651  \7$aArctic Ocean$zPrudhoe Bay$2fast$1https://id.oclc.org/worldcat/entity/E39PBJr7QWvQHtBfkd66FRRqcP$0(OCoLC)fst01239746
=651  \7$aMarshall Islands$2fast$1https://id.oclc.org/worldcat/entity/E39PBJjdjfpD3F6fMwwbRrycfq$0(OCoLC)fst01215147
=651  \7$aMarshall Islands$zBikini Atoll$2fast$0(OCoLC)fst01242762
=651  \7$aMarshall Islands$zEnewetak Atoll$2fast$1https://id.oclc.org/worldcat/entity/E39PBJdrKbWmtTpgbgTJ9kyWXd$0(OCoLC)fst01244374
=651  \7$aMarshall Islands$zRongelap Atoll$2fast$0(OCoLC)fst01258875
=651  \7$aNew York (State)$2fast$1https://id.oclc.org/worldcat/entity/E39QbtfRjXPrf4BDHgVmQ8kx9c$0(OCoLC)fst01210280
=651  \7$aPacific Ocean$2fast$1https://id.oclc.org/worldcat/entity/E39PBJt3VGpY6rKDD3QVRdJVYP$0(OCoLC)fst01243528
=651  \7$aPacific Ocean$zPuget Sound$2fast$1https://id.oclc.org/worldcat/entity/E39PBJf4gJ73QdwpcghHdv3xXd$0(OCoLC)fst01239917
=651  \7$aUnited States$zColumbia River$2fast$1https://id.oclc.org/worldcat/entity/E39PBJyrVTGWkHMtQf6kWBPxXd$0(OCoLC)fst01240046
=651  \7$aWashington (State)$zLake Koeneman$2fast$1https://id.oclc.org/worldcat/entity/E39PBJhGYjMgWdFfTYdwX9dCwC$0(OCoLC)fst01339679
=651  \7$aWashington (State)$zSeattle$2fast$1https://id.oclc.org/worldcat/entity/E39PBJrWFwxmr6yX7fxxbMJv73$0(OCoLC)fst01204940
=655  \0$aClippings (Books, newspapers, etc.)
=655  \0$aSlides.
=655  \2$aPhotograph$0(DNLM)D059036
=655  \7$acorrespondence.$2aat$0(CStmoGRI)aatgf300026877
=655  \7$aResearch (document genres)$2aat
=655  \7$areports.$2aat$0(CStmoGRI)aatgf300027267
=655  \7$aWritings.$2aat
=655  \7$alogs (records)$2aat$0(CStmoGRI)aatgf300202545
=655  \7$aConferences.$2aat
=655  \7$aMinutes.$2aat
=655  \7$aproposals.$2aat$0(CStmoGRI)aatgf300027261
=655  \7$aNotes.$2aat
=655  \7$afinancial records.$2aat$0(CStmoGRI)aatgf300027473
=655  \7$aephemera (general object genre)$2aat$0(CStmoGRI)aatgf300028881
=655  \7$aphotographs.$2aat$0(CStmoGRI)aatgf300046300
=655  \7$acontracts.$2aat$0(CStmoGRI)aatgf300027649
=655  \7$aArchives$2fast$0(OCoLC)fst01423700
=655  \7$aContracts$2fast$0(OCoLC)fst01774255
=655  \7$aPhotographs$2fast$0(OCoLC)fst01423689
=655  \7$aSlides$2fast$0(OCoLC)fst01423858
=655  \7$aPhotographs.$2lcgft
=655  \7$aContracts.$2lcgft
=655  \7$aPhotographies.$2rvmgf$0(CaQQLa)RVMGF-000001676
=655  \7$aContrats.$2rvmgf$0(CaQQLa)RVMGF-000001473
=710  2\$aUniversity of Washington.$bApplied Fisheries Laboratory.
=710  2\$aUniversity of Washington.$bLaboratory of Radiation Biology.
=710  2\$aUniversity of Washington.$bUniversity Archives.
=856  42$uhttp://archiveswest.orbiscascade.org/ark:/80444/xv21606$zConnect to the online finding aid for this collection

