=LDR  00000cpcaa2200000 a 4500
=001  264741367
=005  20240312015744.7
=008  081029i19191930xx                  eng d
=040  \\$aWAU$beng$edacs$cWAU$dWAU$dOCLCQ$dOCLCA$dOCLCO$dOCLCA$dOCLCF$dOCLCA$dOCL$dOCLCO$dOCLCL$dOCLCQ
=043  \\$an-us-ak$an-cn-yk
=049  \\$aWAUW
=100  1\$aHartshorn, Florence M.,$d1869-1943.$1https://id.oclc.org/worldcat/entity/E39PBJgCF43KQ9ckbQmHdvQjG3
=245  10$aFlorence M. Hartshorn scrapbook,$f1919-1930.
=300  \\$a3 v. ;$c28-36 centimeters.
=545  0\$aFlorence M. Hartshorn (1869-1943) was an early pioneer of Alaska and a photographer's assistant during the Klondike Gold Rush. Born in Michigan, Florence married Albert K. Hartshorn and had one daughter, Hazel Hartshorn Goslie. Florence, and her daughter, arrived in Sitka, Alaska in 1898 at the peak of the Gold Rush, and reconnected with her husband who had gone ahead to establish a blacksmith shop at Lake Bennett, British Columbia, north and east of Sitka. At Lake Bennett, Florence began assisting photographer E.J. Hamacher in 1898. Over the next two decades, the Hartshorns lived in both Seattle and Canada. By the late 1920s, the Hartshorns were divorced and Florence moved permanently to Seattle, where she was an active member of the Ladies of the Golden North, an organization of early women pioneers in Alaska. From 1928 to 1929, Florence began a successful campaign to raise money for a monument to be placed at Dead Horse Gulch in the White Pass, commemorating the thousands of pack animals that died transporting supplies to the gold fields.
=520  2\$aThe Florence M. Hartshorn scrapbooks are a compilation of material on Alaska. The first volume contains clippings of articles, letters, and photographs related to the erection of a monument dedicated to the pack horses of the Klondike Gold Rush who perished along the White Pass trail from 1897-1899. The idea for the monument was developed by Hartshorn. There are many letters written by Hartshorn to various municipal and charitable organizations requesting donations for the monument. There are also several letters from the curator of the Alaska Historical Museum in Juneau, A.P. Kashevaroff, and from the Alaska Department of the Seattle Chamber of Commerce, C.D. Garfield, who seemed to play a larger role in the dedication of the monument. The letters range in date from 1928 to 1930. Photographs of the monument and of the dedication ceremony on August 24, 1929 at "Dead Horse Gulch" on White Pass, in which Hartshorn participated, are also in the scrapbook. The clippings of articles are dated 1928-1929; materials are not arranged in chronological order. A second scrapbook contains clippings of articles related to Alaska and the Arctic pasted into a copy of the Saturday Evening Post. Articles in the scrapbook are dated roughly from 1919 to 1930. They are arranged loosely in chronological order. Several of the articles in the beginning of the scrapbook detail the adventures of Arctic explorer, Vilhjalmur Stefansson, who claimed to have discovered the "blond Eskimos" of Victoria Island, Canada. There are also articles about Alaska news and human interest stories, as well as clippings about various Seattle lectures sponsored by the Alaska Yukon Pioneers. A third scrapbook, which contains clippings of articles related to Alaska pasted into a copy of the Woman's Home Companion journal contains articles detailing human interest stories from Alaska, as well as stories reminiscent of the Gold Rush era, including the annual Seattle Stampede, an event celebrating the start of the rush to the Klondike in 1897. All of the scrapbooks are fragile; two are unbound.
=506  \\$aOpen to all users.
=540  \\$aCreator's literary rights not transferred to the University of Washington Libraries.
=544  1\$dSee also$3Florence M. Hartshorn papers (Manuscript collection 0570) in the$aSpecial Collections Division, University of Washington Libraries.
=544  \\$dSee also$3Florence M. Hartshorn photograph collection (PH203_005) in the$aSpecial Collections & University Archives, University of Oregon Libraries.
=600  10$aHartshorn, Florence M.,$d1869-1943.
=600  10$aGarfield, Charles D.,$d1867-1961$vCorrespondence.
=600  10$aKashevaroff, A. P.$q(Andrew P.),$d1863-1940$vCorrespondence.
=600  10$aStefansson, Vilhjalmur,$d1879-1962.
=651  \0$aAlaska$xHistory$y1867-1959.
=650  \0$aGold mines and mining$zYukon$zKlondike River Valley$xHistory.
=650  \0$aFrontier and pioneer life$zAlaska.
=650  \0$aFrontier and pioneer life$zYukon$zKlondike River Valley.
=650  \0$aMonuments$zAlaska.
=650  \0$aPioneers$zAlaska$xHistory.
=650  \0$aPioneers$zYukon$zKlondike River Valley$xHistory.
=650  \0$aWomen pioneers$zAlaska.
=650  \0$aWorking animals$zAlaska.
=651  \0$aAlaska$xGold discoveries$xHistory.
=651  \0$aKlondike River Valley (Yukon)$xGold discoveries$xHistory.
=651  \6$aAlaska$xHistoire$y1867-1959.$0(CaQQLa)201-0008194
=650  \6$aOr$0(CaQQLa)201-0007117$xMines et extraction$0(CaQQLa)201-0007117$zYukon$0(CaQQLa)201-0446797$zKlondike, Vallée du$0(CaQQLa)201-0446797$xHistoire.$0(CaQQLa)201-0378888
=650  \6$aMonuments$0(CaQQLa)201-0016292$zAlaska.$0(CaQQLa)201-0460551
=650  \6$aPionniers$0(CaQQLa)201-0007459$zAlaska$0(CaQQLa)201-0460551$xHistoire.$0(CaQQLa)201-0378888
=650  \6$aPionniers$0(CaQQLa)201-0007459$zYukon$0(CaQQLa)201-0446797$zKlondike, Vallée du$0(CaQQLa)201-0446797$xHistoire.$0(CaQQLa)201-0378888
=650  \6$aPionnières$0(CaQQLa)201-0122067$zAlaska.$0(CaQQLa)201-0460551
=650  \6$aAnimaux de travail$0(CaQQLa)201-0001373$zAlaska.$0(CaQQLa)201-0460551
=651  \6$aAlaska$0(CaQQLa)201-0100885$xDécouvertes d'or.$0(CaQQLa)201-0373928
=651  \6$aKlondike, Vallée du (Yukon)$xDécouvertes d'or.$0(CaQQLa)201-0049038
=600  17$aHartshorn, Florence M.,$d1869-1943.$2fast$0(OCoLC)fst01484112$1https://id.oclc.org/worldcat/entity/E39PBJgCF43KQ9ckbQmHdvQjG3
=600  17$aKashevaroff, A. P.$q(Andrew P.),$d1863-1940.$2fast$0(OCoLC)fst00493749
=600  17$aStefansson, Vilhjalmur,$d1879-1962.$2fast$0(OCoLC)fst00035488$1https://id.oclc.org/worldcat/entity/E39PBJB4hKDp8Gfqm7cmYQPWjC
=650  \7$aFrontier and pioneer life.$2fast$0(OCoLC)fst00935370
=650  \7$aGold mines and mining.$2fast$0(OCoLC)fst00944469
=650  \7$aMonuments.$2fast$0(OCoLC)fst01025892
=650  \7$aPioneers.$2fast$0(OCoLC)fst01064447
=650  \7$aWomen pioneers.$2fast$0(OCoLC)fst01178307
=650  \7$aWorking animals.$2fast$0(OCoLC)fst01180410
=651  \7$aAlaska.$2fast$0(OCoLC)fst01204480$1https://id.oclc.org/worldcat/entity/E39QbtfRq9rTfb3H89Vvrr9x9c
=651  \7$aYukon$zKlondike River Valley.$2fast$0(OCoLC)fst01895987
=648  \7$a1867-1959$2fast
=655  \2$aPhotograph$0(DNLM)D059036
=655  \7$acorrespondence.$2aat$0(CStmoGRI)aatgf300026877
=655  \7$ascrapbooks.$2aat$0(CStmoGRI)aatgf300027341
=655  \7$aphotographs.$2aat$0(CStmoGRI)aatgf300046300
=655  \7$aAlbums (Books)$2fast$0(OCoLC)fst01726784
=655  \7$aHistory.$2fast$0(OCoLC)fst01411628
=655  \7$aPhotographs.$2fast$0(OCoLC)fst01423689
=655  \7$aPersonal correspondence.$2fast$0(OCoLC)fst01919948
=655  \7$aAlbums (Books)$2lcgft
=655  \7$aPhotographs.$2lcgft
=655  \7$aAlbums personnalisés.$2rvmgf$0(CaQQLa)RVMGF-000001033
=655  \7$aPhotographies.$2rvmgf$0(CaQQLa)RVMGF-000001676
=700  1\$aGarfield, Charles D.,$d1867-1961.$1https://id.oclc.org/worldcat/entity/E39PCjHbXQtM8wgbxDY7fkXvtq
=700  1\$aKashevaroff, A. P.$q(Andrew P.),$d1863-1940.$1https://id.oclc.org/worldcat/entity/E39PCjMgwqFckQWcXh3T3vkHcq
=758  \\$ihas work:$a1919-1930 Florence M. Hartshorn scrapbook (Work)$1https://id.oclc.org/worldcat/entity/E39PCH4cJKT7kkkgy3VfmXrkTb$4https://id.oclc.org/worldcat/ontology/hasWork

