=LDR  00000ckcaa22000007i 4500
=001  946597074
=005  20240415022538.1
=008  160413i19601980xx nnn            kneng d
=040  \\$aWAU$beng$erda$edacs$cWAU$dWAU$dOCLCO$dWAU$dOCLCO$dWAU$dOCLCA$dOCLCF$dOCLCA$dOCLCO$dOCLCL$dOCLCQ
=046  \\$k1960$l1980$2edtf
=049  \\$aWAUW
=100  1\$aOlsen, Sigurd,$ecreator.
=245  10$aSigurd and Ingrith Olsen papers and photographs.
=264  \0$ccirca 1960-1980
=300  \\$a10.61$fcubic feet$a(21 boxes)
=336  \\$astill image$bsti$2rdacontent
=336  \\$atext$btxt$2rdacontent
=337  \\$aunmediated$bn$2rdamedia
=338  \\$asheet$bnb$2rdacarrier
=545  0\$aSigurd Otto Maglegaard Olsen was born in Copenhagen, Denmark, in 1908. Economic pressures forced him to leave school at 15 and he began a career in the Department of Social Welfare in Copenhagen. Unable to pursue a formal university education, he worked in his spare hours in botany and biology, specializing in limnology. The University of Copenhagen recognized his contributions to the field in 1939, awarding him the gold medal in botany for his major study of charophytes published through the Royal Danish Academy of Sciences. He continued to be affiliated with the University of Copenhagen until he married Ingrith Deyrup and emigrated to the United States in 1963. For the next seven years, he worked as a biologist and research assistant professor in the School of Fisheries at the University of Washington. After his retirement in 1970, he devoted himself full time to biological studies and photography, developing techniques for capturing subjects too large for photomicrography, but too small for standard photography. Much of his scientific work was carried out at Bear Lake on the Kitsap Peninsula and focused on the ground cone Boschniakia hookeri. He died in 1980.
=545  0\$aIngrith Deyrup-Olsen was born in 1919 in Englewood, N.J. She earned a bachelor's degree in zoology from Barnard College (1940), a doctorate in physiology from Columbia (1944), and joined the UW faculty as a professor of zoology in 1964. Popularly known as the "slug lady," Deyrup-Olsen studied mucus secrection, in particular how slugs use mucus in transportation. She created the UW's Master of Science for Biology Teachers program to improve the teaching of science in secondary schools. She was also a founder of the UW's Women Studies Program. In 1988, Ingrith received the UW's Distinguished Teaching Award. She retired in 1990 and died in 2004.
=520  \\$aBiological research photographs, both field and laboratory, of University of Washington professors Sigurd and Ingrith Olsen. The photographs include landscapes (Washington, Wisconsin, Yellowstone, and Norway), waterscapes, macro images of flora and fauna specimens, as well as images of cameras, laboratories, and equipment. While many of the photographs are likely from research trips, there are also many personal snapshots, primarily of Ingrith Olsen. Field and research notes and personal papers are also included.
=506  \\$aOpen to all users.
=540  \\$aStatus of creator's copyrights is unknown; restrictions may exist on copying, quotation, or publication. Users are responsible for researching copyright status before use.
=541  \\$cDonated by$aCandace Waugaman on$d2007-01-11 and 2007-01-18.
=600  10$aOlsen, Sigurd,$vArchives.
=600  10$aDeyrup-Olsen, Ingrith$vArchives.
=600  10$aDeyrup-Olsen, Ingrith$vPhotographs.
=650  \0$aBotany$vSources.
=650  \0$aZoology$vSources.
=650  \0$aPlants$vPhotographs.
=650  \0$aAnimals$vPhotographs.
=650  \0$aLandscapes$vPhotographs.
=650  \0$aLaboratories$vPhotographs.
=650  \0$aLaboratories$xEquipment and supplies$vPhotographs.
=651  \0$aWashington (State)$vPhotographs.
=651  \0$aWisconsin$vPhotographs.
=651  \0$aNorway$vPhotographs.
=651  \0$aYellowstone National Park$vPhotographs.
=650  \6$aZoologie$0(CaQQLa)201-0000870$vSources.$0(CaQQLa)201-0378222
=650  \6$aPaysages$0(CaQQLa)201-0010292$vPhotographies.$0(CaQQLa)201-0378097
=650  \6$aLaboratoires$0(CaQQLa)201-0075879$vPhotographies.$0(CaQQLa)201-0378097
=651  \6$aWashington (État)$0(CaQQLa)201-0113960$vPhotographies.$0(CaQQLa)201-0378097
=651  \6$aWisconsin$0(CaQQLa)201-0113962$vPhotographies.$0(CaQQLa)201-0378097
=651  \6$aYellowstone National Park$0(CaQQLa)201-0145005$vPhotographies.$0(CaQQLa)201-0378097
=650  \7$aAnimals.$2fast$0(OCoLC)fst00809468
=650  \7$aBotany.$2fast$0(OCoLC)fst00836869
=650  \7$aLaboratories.$2fast$0(OCoLC)fst00990341
=650  \7$aLaboratories$xEquipment and supplies.$2fast$0(OCoLC)fst00990356
=650  \7$aLandscapes.$2fast$0(OCoLC)fst01735625
=650  \7$aPlants.$2fast$0(OCoLC)fst01065823
=650  \7$aZoology.$2fast$0(OCoLC)fst01184696
=651  \7$aNorway.$2fast$0(OCoLC)fst01204556$1https://id.oclc.org/worldcat/entity/E39QbtfRyK4jjG7gmVvd83RM4Y
=651  \7$aUnited States$zYellowstone National Park.$2fast$0(OCoLC)fst01285604
=651  \7$aWashington (State)$2fast$0(OCoLC)fst01204703$1https://id.oclc.org/worldcat/entity/E39PBJpymmTY6j9pxXGMd79FKd
=651  \7$aWisconsin.$2fast$0(OCoLC)fst01204595$1https://id.oclc.org/worldcat/entity/E39PBJdGQbCrRpwQfxG4936h73
=655  \2$aPhotograph$0(DNLM)D059036
=655  \7$aphotographs.$2aat$0(CStmoGRI)aatgf300046300
=655  \7$aArchives.$2fast$0(OCoLC)fst01423700
=655  \7$aPhotographs.$2fast$0(OCoLC)fst01423689
=655  \7$aSources.$2fast$0(OCoLC)fst01423900
=655  \7$aPhotographs.$2lcgft
=655  \7$aPhotographies.$2rvmgf$0(CaQQLa)RVMGF-000001676
=700  1\$aDeyrup-Olsen, Ingrith,$ecreator.
=740  0\$aaccPH2016-010
=856  42$uhttp://archiveswest.orbiscascade.org/ark:/80444/xv90011$zConnect to the online finding aid for this collection

