=LDR  00000ckcaa22000007i 4500
=001  950036344
=005  20241107154210.9
=008  160520i19531992xx nnn            kneng d
=040  \\$aWAU$beng$erda$edacs$cWAU$dWAU$dOCLCA$dOCLCF$dOCLCA$dOCL$dOCLCO$dOCLCL$dOCLCQ
=046  \\$k1953$l1992
=049  \\$aWAUW
=100  1\$aRodenhouse, Irma Z.,$ecreator$ephotographer.
=245  10$aIrma Z. Rodenhouse travel slides.
=264  \0$capproximately 1953-1992
=300  \\$a35.31$fcubic feet$a(34 boxes)
=336  \\$astill image$bsti$2rdacontent
=336  \\$atext$btxt$2rdacontent
=337  \\$aprojected$bg$2rdamedia
=338  \\$aslide$bgs$2rdacarrier
=338  \\$asheet$bnb$2rdacarrier
=386  \\$nage$aWomen$2lcdgt
=386  \\$aWomen$2lcdgt
=386  \\$nocc$aSchool teachers$2lcdgt
=386  \\$nnat$aWashingtonians (Washington State)$2lcdgt
=545  0\$aIrma Z. Rodenhouse (1907-1996) was born in Seattle, WAshington, the second child of a former agriculture professor turned mechaized farming visionary and a Minneapolis debutante daughter of a wheat baron.  She graduated from Roosevelt High School and from the University of Washington.  During WWII she joined the Netherlands Society, part of the United Nations Relief Organization where she helped run multicultural pageants as fund-raisers, and also collected food, blankets, and clothing for refugees who were in Nazi-occupied Netherlands.  Her work was acknowledged and she was personally thanked by Queen Wilhelmina and the Netherlands Consulate. She taught at Ballard High School, retiring in 1973.  She also participated in the Mountaineers Players.  She loved learning and was still taking classes until shortly before her death.  She also loved travel and learning about Northwest Indian art and culture, visiting art colonies on Vancouver Island at K'san and Skidegate and using her knowledge at age 85 to create information booth displays at the Mountaineers' Kitsap Rhododendron Preserve.
=520  \\$aSlides made from Irma Z. Rodenhouse's trips around the world. Destinations include Europe, the Middle East, Asia, Africa, Canada, the United States, Central and South America, Australia, New Zealand, the South Pacific, the North Atlantic, and Antarctica.
=506  \\$aOpen to all users.
=540  \\$aStatus of creator's copyrights is unknown; restrictions may exist on copying, quotation, or publication. Users are responsible for researching copyright status before use.
=600  10$aRodenhouse, Irma Z.$vArchives.
=650  \0$aLandscapes$vSlides.
=651  \0$aEurope$vSlides.
=651  \0$aGreat Britain$vSlides.
=651  \0$aMiddle East$vSlides.
=651  \0$aRussia$vSlides.
=651  \0$aAsia$vSlides.
=651  \0$aTibet Autonomous Region (China)$vSlides.
=651  \0$aIndia$vSlides.
=651  \0$aSouth Africa$vSlides.
=651  \0$aAfrica$vSlides.
=650  \0$aSafaris$vSlides.
=651  \0$aCanada$vSlides.
=651  \0$aUnited States$vSlides.
=651  \0$aMexico$vSlides.
=651  \0$aAustralia$vSlides.
=651  \0$aNew Zealand$vSlides.
=651  \0$aAntarctica$vSlides.
=651  \0$aGreenland$vSlides.
=650  \0$aAnimals$vSlides.
=651  \0$aNorthwest, Pacific$vSlides.
=651  \0$aLatin America$vSlides.
=650  \0$aSlides (Photography)$vSpecimens.
=650  \6$aPaysages$0(CaQQLa)201-0010292$vDiapositives.$0(CaQQLa)201-0378074
=651  \6$aEurope$0(CaQQLa)201-0117265$vDiapositives.$0(CaQQLa)201-0378074
=651  \6$aAsie$0(CaQQLa)201-0101224$vDiapositives.$0(CaQQLa)201-0378074
=651  \6$aRégion autonome du Tibet (Chine)$0(CaQQLa)201-0110133$vDiapositives.$0(CaQQLa)201-0378074
=651  \6$aAfrique$0(CaQQLa)201-0098126$vDiapositives.$0(CaQQLa)201-0378074
=650  \6$aSafaris$0(CaQQLa)201-0106288$vDiapositives.$0(CaQQLa)201-0378074
=651  \6$aAustralie$0(CaQQLa)201-0101808$vDiapositives.$0(CaQQLa)201-0378074
=651  \6$aAntarctique$0(CaQQLa)201-0029297$vDiapositives.$0(CaQQLa)201-0378074
=651  \6$aAmérique latine$0(CaQQLa)201-0101030$vDiapositives.$0(CaQQLa)201-0378074
=650  \6$aDiapositives$0(CaQQLa)201-0025666$vSpécimens.$0(CaQQLa)201-0377059
=650  \7$aAnimals.$2fast$0(OCoLC)fst00809468
=650  \7$aLandscapes.$2fast$0(OCoLC)fst01735625
=650  \7$aSafaris.$2fast$0(OCoLC)fst01103324
=650  \7$aSlides (Photography)$2fast$0(OCoLC)fst01120898
=651  \7$aAfrica.$2fast$0(OCoLC)fst01239509$1https://id.oclc.org/worldcat/entity/E39PBJkHrMyfHC67yqRTycbrv3
=651  \7$aAntarctica.$2fast$0(OCoLC)fst01239992$1https://id.oclc.org/worldcat/entity/E39PBJc3MgKfJkXRcGFdpVMHG3
=651  \7$aAsia.$2fast$0(OCoLC)fst01240495$1https://id.oclc.org/worldcat/entity/E39PBJxMpyjKQ9Jtm3jkjPBgKd
=651  \7$aAustralia.$2fast$0(OCoLC)fst01204543$1https://id.oclc.org/worldcat/entity/E39QbtfRv8PPH7gCqhkJ8DK8bM
=651  \7$aCanada.$2fast$0(OCoLC)fst01204310$1https://id.oclc.org/worldcat/entity/E39PBJkMHVW4rfVXPrhVP4VwG3
=651  \7$aChina$zTibet Autonomous Region.$2fast$0(OCoLC)fst01758817
=651  \7$aEurope.$2fast$0(OCoLC)fst01245064$1https://id.oclc.org/worldcat/entity/E39PBJxCxPbbk4CPJDQJb4r6rq
=651  \7$aGreat Britain.$2fast$0(OCoLC)fst01204623$1https://id.oclc.org/worldcat/entity/E39PBJdmp7p3cx8hpmJ8HvmTpP
=651  \7$aGreenland.$2fast$0(OCoLC)fst01205290$1https://id.oclc.org/worldcat/entity/E39PBJqvYRpxcqYcthtVYGtYfq
=651  \7$aIndia.$2fast$0(OCoLC)fst01210276$1https://id.oclc.org/worldcat/entity/E39PBJmdx47cDXrRhBXHtbvPwC
=651  \7$aLatin America.$2fast$0(OCoLC)fst01245945
=651  \7$aMexico.$2fast$0(OCoLC)fst01211700$1https://id.oclc.org/worldcat/entity/E39QbtfRkxCrqQ3XXbCkdP63kc
=651  \7$aMiddle East.$2fast$0(OCoLC)fst01241586
=651  \7$aNew Zealand.$2fast$0(OCoLC)fst01204542$1https://id.oclc.org/worldcat/entity/E39QbtfRmXBg7mpKX7p4DJ8Kqp
=651  \7$aPacific Northwest.$2fast$0(OCoLC)fst01242543
=651  \7$aRussia.$2fast$0(OCoLC)fst01207312
=651  \7$aSouth Africa.$2fast$0(OCoLC)fst01204616$1https://id.oclc.org/worldcat/entity/E39PBJcWtkkqd3cMmFw9GBdYT3
=651  \7$aUnited States.$2fast$0(OCoLC)fst01204155$1https://id.oclc.org/worldcat/entity/E39PBJtxgQXMWqmjMjjwXRHgrq
=655  \7$aslides (photographs)$2aat$0(CStmoGRI)aatgf300128371
=655  \7$aArchives.$2fast$0(OCoLC)fst01423700
=655  \7$aSlides.$2fast$0(OCoLC)fst01423858
=655  \7$aSpecimens.$2fast$0(OCoLC)fst01423861
=856  42$uhttp://archiveswest.orbiscascade.org/ark:/80444/xv59722$zConnect to the online finding aid for this collection

