=LDR  00000ccm a2200000 a 4500
=001  1251423
=005  20241124124153.0
=008  750403s1941    enksuz         n    zxx  
=010  \\$a   45025438 
=040  \\$aDLC$beng$cIXA$dWYU$dOCLCQ$dNZ1$dOCLCG$dHMU$dOCLCQ$dOCLCF$dNOC$dOCLCQ$dOCL$dOCLCQ$dUKMGB$dOCLCO$dOCLCQ$dOCLCO$dOCLCL$dOCLCQ$dERE$dOCLCO$dLS1
=016  7\$a004600073$2Uk
=016  7\$a014949318$2Uk
=019  \\$a82445375$a988663649$a1043969469$a1061772873
=020  \\$a0193735687
=020  \\$a9780193735682
=045  0\$bd1940
=048  \\$aka02
=050  00$aM203.R25$bC7
=082  04$a781.6 (McColvin)
=083  09$a784.185
=049  \\$aWAUW
=100  1\$aRawsthorne, Alan,$d1905-1971.$1https://id.oclc.org/worldcat/entity/E39PBJfMpq4MG7d7KF8GybkFKd
=245  14$aThe creel :$bsuite for piano duet after Izaak Walton /$cby Alan Rawsthorne.
=260  \\$aLondon :$bOxford University Press,$c©1941.
=300  \\$a1 score (9 pages) ;$c31 cm
=336  \\$anotated music$bntm$2rdacontent
=337  \\$aunmediated$bn$2rdamedia
=338  \\$avolume$bnc$2rdacarrier
=348  \\$ascore$2rdafnm
=382  01$apiano$n2$s2$vpiano, 4 hands$2lcmpt
=500  \\$aFor piano, 4 hands.
=505  0\$aThe mighty pike is the tyrant of the fresh water -- The sprat : a fish that is ever in motion -- The carp is the queen of rivers : a stately, a good, and a very subtil fish -- The leap or summersault of the salmon.
=650  \0$aSuites (Piano, 4 hands)$vScores.
=650  \0$aPiano music (4 hands)$vScores.
=650  \0$aFishes$vSongs and music$vScores.
=650  \0$aSuites (Piano, 4 hands)
=650  \0$aFishes$vSongs and music.
=650  \6$aSuites (Piano, 4 mains)$0(CaQQLa)201-0054077
=650  \6$aPoissons$0(CaQQLa)201-0024322$vChants et musique.$0(CaQQLa)201-0378541
=650  \6$aSuites (Piano, 4 mains)$0(CaQQLa)201-0054077$vPartitions.$0(CaQQLa)201-0378141
=650  \6$aPiano, Musique de (4 mains)$0(CaQQLa)201-0018549$vPartitions.$0(CaQQLa)201-0378141
=650  \6$aPoissons$0(CaQQLa)201-0024322$vChants et musique$0(CaQQLa)201-0378541$vPartitions.$0(CaQQLa)201-0378141
=650  \7$aFishes$2fast$0(OCoLC)fst00926361
=650  \7$aSuites (Piano, 4 hands)$2fast$0(OCoLC)fst01137967
=655  \7$aSongs and music$2fast$0(OCoLC)fst01985328
=700  1\$aWalton, Izaak,$d1593-1683.$tCompleat angler.
=758  \\$ihas work:$aThe creel (NotatedMusic)$1https://id.oclc.org/worldcat/entity/E39PCH7vQhKHqxqFmH7cM6BqXq$4https://id.oclc.org/worldcat/ontology/hasWork
=776  08$iOnline version:$aRawsthorne, Alan, 1905-1971.$tCreel.$dLondon : Oxford University Press, ©1941$w(OCoLC)649465772
=029  1\$aAU@$b000028555773
=029  1\$aAU@$b000047996199
=029  1\$aNZ1$b12742694
=029  1\$aNZ1$b6660417
=029  1\$aNZ1$b690062
=029  1\$aUKMGB$b004600073
=029  1\$aUKMGB$b014949318

