=LDR  00000ccm a2200000 i 4500
=001  694933021
=005  20240813003236.6
=008  110104t20102010mnuuuce  ehi   n  b zxx d
=007  qu
=040  \\$aOKU$beng$erda$cOKU$dSHH$dOBE$dUMC$dTDF$dOCLCQ$dOCLCF$dOCLCA$dOCL$dORU$dTJC$dOCLCO$dNTE$dOCLCQ$dOCLCL$dOCLCQ
=019  \\$a730034334
=041  0\$geng
=048  \\$abe01$aka01
=050  \4$aM1206.L37$bU77 2010
=049  \\$aWAUW
=100  1\$aLarsen, Libby,$ecomposer.
=240  10$aUrsa;$oarranged
=245  10$aUrsa :$bfor tuba and wind symphony /$cLibby Larsen ; piano score.
=264  \1$aMinneapolis, MN :$bLibby Larsen Publishing,$c[2010]
=264  \4$c©2010
=300  \\$a1 score (32 pages) + 1 part (5 pages) ;$c28 cm
=336  \\$anotated music$bntm$2rdacontent
=337  \\$aunmediated$bn$2rdamedia
=338  \\$avolume$bnc$2rdacarrier
=348  \\$ascore$b1007$2rdafnm
=348  \\$apart$b1004$2rdafnm
=348  \\$cstaff notation$d1007$2rdafmn
=382  01$atuba$n1$apiano$n1$s2$2lcmpt
=500  \\$aCover title.
=500  \\$aAccompaniment arranged for piano.
=500  \\$aComposer biographical statement, page [2] of cover; performance note and program note, preliminary pages
=546  \\$bStaff notation.
=505  0\$aSings to the night sky -- At high noon.
=650  \0$aTuba with band$vSolo with piano.
=650  \0$aBears$vSongs and music.
=650  \6$aOurs$0(CaQQLa)201-0026841$vChants et musique.$0(CaQQLa)201-0378541
=650  \7$aBears.$2fast$0(OCoLC)fst00829302
=650  \7$aTuba with band$xSolo with piano.$2fast$0(OCoLC)fst01158465
=655  \7$aArrangements (Music)$2fast$0(OCoLC)fst01920435
=655  \7$aArt music.$2fast$0(OCoLC)fst01920007
=655  \7$aParts (Music)$2fast$0(OCoLC)fst01692889
=655  \7$aScores.$2fast$0(OCoLC)fst01692898
=655  \7$aSongs and music.$2fast$0(OCoLC)fst01985328
=655  \7$aArt music.$2lcgft
=655  \7$aArrangements (Music)$2lcgft
=655  \7$aScores.$2lcgft
=655  \7$aParts (Music)$2lcgft
=655  \7$aMusique savante.$2rvmgf$0(CaQQLa)RVMGF-000000692
=655  \7$aArrangements (Musique)$2rvmgf$0(CaQQLa)RVMGF-000000691
=655  \7$aPartitions (Musique)$2rvmgf$0(CaQQLa)RVMGF-000000816
=655  \7$aParties (Musique)$2rvmgf$0(CaQQLa)RVMGF-000000815
=938  \\$aTheodore Front Musical Literature$bTFRT$nTF301025


